@article{wu2025humanevalcomm,
  title={HumanEvalComm: Benchmarking the Communication Competence of Code Generation for LLMs and LLM Agent},
  author={Wu, Jie JW and Fard, Fatemeh H.},
  journal={ACM Trans. Softw. Eng. Methodol.},
  year={2025},
  doi={10.1145/3715109},
  url={https://doi.org/10.1145/3715109}
}

@article{chen2021evaluating,
  title={Evaluating large language models trained on code},
  author={Chen, Mark and Tworek, Jerry and Jun, Heewoo and Yuan, Qiming and Pinto, Henrique Ponde de Oliveira and Kaplan, Jared and Edwards, Harri and Burda, Yuri and Joseph, Nicholas and Brockman, Greg and others},
  journal={arXiv preprint arXiv:2107.03374},
  year={2021}
}

@article{austin2021program,
  title={Program synthesis with large language models},
  author={Austin, Jacob and Odena, Augustus and Nye, Maxwell and Bosma, Maarten and Michalewski, Henryk and Dohan, David and Jiang, Ellen and Cai, Carrie and Terry, Michael and Le, Quoc and others},
  journal={arXiv preprint arXiv:2108.07732},
  year={2021}
}

@article{lu2021codexglue,
  title={CodeXGLUE: A machine learning benchmark dataset for code understanding and generation},
  author={Lu, Shuai and Guo, Daya and Ren, Shuo and Huang, Junjie and Svyatkovskiy, Alexey and Blanco, Ambrosio and Clement, Colin and Drain, Dawn and Jiang, Daxin and Tang, Duyu and others},
  journal={arXiv preprint arXiv:2102.04664},
  year={2021}
}

@article{hendrycks2021measuring,
  title={Measuring coding challenge competence with APPS},
  author={Hendrycks, Dan and Basart, Steven and Kadavath, Saurav and Mazeika, Mantas and Arora, Akul and Guo, Ethan and Burns, Collin and Puranik, Sam and Song, Horace and Steinhardt, Jacob},
  journal={arXiv preprint arXiv:2105.09938},
  year={2021}
}

@article{wang2021towards,
  title={Towards understanding how machines can learn causal graphs},
  author={Wang, Xuezhi and Wu, Zhiting and Zhang, Jun and Chen, Zhilei and Tang, Jun and Zhang, Hugh and Su, Yi and Zhu, William and Jiang, John and others},
  journal={arXiv preprint arXiv:2106.02353},
  year={2021}
}

@article{adiwardana2020towards,
  title={Towards a human-like open-domain chatbot},
  author={Adiwardana, Daniel and Luong, Minh-Thang and So, David R and Hall, Jamie and Fiedel, Noah and Thoppilan, Romal and Yang, Zi and Kulshreshtha, Shuming and Nemade, Gaurav and Lu, Yifeng and others},
  journal={arXiv preprint arXiv:2001.09977},
  year={2020}
}

@inproceedings{finn2017model,
  title={Model-agnostic meta-learning for fast adaptation of deep networks},
  author={Finn, Chelsea and Abbeel, Pieter and Levine, Sergey},
  booktitle={International Conference on Machine Learning},
  pages={1126--1135},
  year={2017},
  organization={PMLR}
}

@inproceedings{pearce2022asleep,
  title={Asleep at the keyboard? Assessing the security of GitHub Copilot's code contributions},
  author={Pearce, Hammond and Ahmad, Baleegh and Tan, Benjamin and Dolan-Gavitt, Brendan and Karri, Ramesh},
  booktitle={IEEE Symposium on Security and Privacy (SP)},
  year={2022}
}

@article{nijkamp2022codegen,
  title={CodeGen: An open large language model for code with multi-turn program synthesis},
  author={Nijkamp, Erik and Pang, Bo and Hayashi, Hiroaki and Tu, Lifu and Wang, Huan and Zhou, Yingbo and Savarese, Silvio and Xiong, Caiming},
  journal={arXiv preprint arXiv:2203.13474},
  year={2022}
}